@article{chang2005evaluation,
  title={An evaluation of multimodal 2D+ 3D face biometrics},
  author={Chang, Kyong I and Bowyer, Kevin W and Flynn, Patrick J},
  journal={Pattern Analysis and Machine Intelligence, IEEE Transactions on},
  volume={27},
  number={4},
  pages={619--624},
  year={2005},
  publisher={IEEE}
}
@article{tsalakanidou2003use,
  title={Use of depth and colour eigenfaces for face recognition},
  author={Tsalakanidou, Filareti and Tzovaras, Dimitrios and Strintzis, Michael G},
  journal={Pattern Recognition Letters},
  volume={24},
  number={9},
  pages={1427--1435},
  year={2003},
  publisher={Elsevier}
}
@incollection{ahonen2004face,
  title={Face recognition with local binary patterns},
  author={Ahonen, Timo and Hadid, Abdenour and Pietik{\"a}inen, Matti},
  booktitle={Computer vision-eccv 2004},
  pages={469--481},
  year={2004},
  publisher={Springer}
}
@misc{linearinerpolator2016,
	author={scipy community},
	title={scipy.interpolate.LinearNDInterpolator - SciPy v0.17.1 Reference Guide},
	url={http://docs.scipy.org/doc/scipy/reference/generated/scipy.interpolate.LinearNDInterpolator.html},
	urldate={2016-6-20},
	journal={Docs.scipy.org},
	year={2016}
},

@misc{facerecognizer2016,
	author={opencv dev team},
	title={FaceRecognizer - OpenCV 2.4.13.0 documentation},
	url={http://docs.opencv.org/2.4/modules/contrib/doc/facerec/facerec_api.html},
	urldate={2016-6-20},
	journal={Docs.opencv.org},
	year={2016}
}
@inproceedings{puzicha1997non,
	title={Non-parametric similarity measures for unsupervised texture segmentation and image retrieval},
	author={Puzicha, Jan and Hofmann, Thomas and Buhmann, Joachim M},
	booktitle={Computer Vision and Pattern Recognition, 1997. Proceedings., 1997 IEEE Computer Society Conference on},
	pages={267--272},
	year={1997},
	organization={IEEE}
}